<?xml version="1.0" encoding="UTF-8"?>
<collection xmlns:xsi="http://www.w3.org/2001/XMLSchema-instance" xsi:schemaLocation="http://www.loc.gov/MARC21/slim http://www.loc.gov/standards/marcxml/schema/MARC21slim.xsd" xmlns="http://www.loc.gov/MARC21/slim">
<record>
  <leader>01120cam a2200253   4500</leader>
  <controlfield tag="001">3349252</controlfield>
  <controlfield tag="003">NNC</controlfield>
  <controlfield tag="005">20130426163118.0</controlfield>
  <controlfield tag="008">990115s1884    tu            000 0 araod</controlfield>
  <datafield tag="035" ind1=" " ind2=" ">
    <subfield code="a">(OCoLC)ocm40973764</subfield>
  </datafield>
  <datafield tag="035" ind1=" " ind2=" ">
    <subfield code="9">AVA4024CU</subfield>
  </datafield>
  <datafield tag="035" ind1=" " ind2=" ">
    <subfield code="a">(NNC)3349252</subfield>
  </datafield>
  <datafield tag="040" ind1=" " ind2=" ">
    <subfield code="a">CGU</subfield>
    <subfield code="c">CGU</subfield>
    <subfield code="d">OCL</subfield>
    <subfield code="d">CGU</subfield>
    <subfield code="d">ZCU</subfield>
  </datafield>
  <datafield tag="090" ind1=" " ind2=" ">
    <subfield code="a">BJ1533.F8</subfield>
    <subfield code="b">A153 1884</subfield>
  </datafield>
  <datafield tag="100" ind1="1" ind2=" ">
    <subfield code="a">Abū Ḥayyān al-Tawḥīdī, ʻAlī ibn Muḥammad,</subfield>
    <subfield code="d">active 10th century.</subfield>
  </datafield>
  <datafield tag="245" ind1="1" ind2="0">
    <subfield code="a">Risālatān li-Abī Ḥayyān al-Tawḥīdī :</subfield>
    <subfield code="b">al-risālah al-ulá Fī al-ṣadāqah wa al-ṣadīq, wa-al-risālah al-thānīyah Fī al-ʻulūm.</subfield>
  </datafield>
  <datafield tag="250" ind1=" " ind2=" ">
    <subfield code="a">al-Ṭabʻah 1.</subfield>
  </datafield>
  <datafield tag="260" ind1=" " ind2=" ">
    <subfield code="a">Quṣṭanṭīnīyah :</subfield>
    <subfield code="b">Maṭbaʻat al-Jawāʾib,</subfield>
    <subfield code="c">.1301 [i.e. 1302 (1884)]</subfield>
  </datafield>
  <datafield tag="300" ind1=" " ind2=" ">
    <subfield code="a">208 p.</subfield>
    <subfield code="c">21 cm.</subfield>
  </datafield>
  <datafield tag="650" ind1=" " ind2="0">
    <subfield code="a">Friendship.</subfield>
  </datafield>
  <datafield tag="650" ind1=" " ind2="0">
    <subfield code="a">Islamic learning and scholarship.</subfield>
  </datafield>
  <datafield tag="700" ind1="1" ind2=" ">
    <subfield code="a">Abū Ḥayyān al-Tawḥīdī, ʻAlī ibn Muḥammad,</subfield>
    <subfield code="d">active 10th century.</subfield>
    <subfield code="t">Risālah fi al-ʻulūm.</subfield>
  </datafield>
  <datafield tag="700" ind1="1" ind2=" ">
    <subfield code="a">Abū Ḥayyān al-Tawḥīdī, ʻAlī ibn Muḥammad,</subfield>
    <subfield code="d">active 10th century.</subfield>
    <subfield code="t">Risālah fi al-Ṣadāqah wa-al-ṣadīq.</subfield>
  </datafield>
  <datafield tag="955" ind1=" " ind2=" ">
    <subfield code="b">0038429250</subfield>
    <subfield code="d">glx</subfield>
    <subfield code="e">BJ1533.F8 A153 1884</subfield>
  </datafield>
</record>
</collection>